
@misc{metering,
	title = {Metering Portal: Information for Metering Professionals},
	url = {http://metering.com/},
	howpublished = {\url{http://metering.com}}
}


@misc{jdo,
	title = {The Java Community {Process(SM)} Program - {JSRs:} Java Specification Requests - {JSR\#} 244 (JDO)},
	url = {http://www.jcp.org/en/jsr/detail?id=243},
	howpublished = {\url{http://www.jcp.org/en/jsr/detail?id=243}}
}


@misc{jpa,
	title = {{JSR-000220} Enterprise {JavaBeans} 3.0 - Final Release},
	url = {http://jcp.org/aboutJava/communityprocess/final/jsr220/index.html},
	howpublished = {\url{http://jcp.org/aboutJava/communityprocess/final/jsr220/index.html}}
}

@misc{server-sent,
	title = {{Server-Sent} Events},
	url = {http://dev.w3.org/html5/eventsource/},
	howpublished = {\url{http://dev.w3.org/html5/eventsource/}}
}

@misc{weebiz,
	title = {Weebiz: Business Community},
	url = {https://weebiz.com/},
	howpublished = {\url{https://weebiz.com/}}
}

@misc{phidget-rfid,
	title = {Phidgets Prototyping {RFID} Reader},
	url = {http://www.phidgets.com/products.php?product_id=1023},
	howpublished = {\url{http://www.phidgets.com/products.php?product_id=1023}}
}

@misc{webadapter,
	title = {Fosstrak {EPCIS} - {EPCIS} Webadapter Home Page},
	url = {http://www.fosstrak.org/epcis/docs/webadapter-guide.html},
	howpublished = {\url{http://www.fosstrak.org/epcis/docs/webadapter-guide.html}}
}

@misc{epcDiscovery,
	title = {{EPCglobal} Discovery Services Standard (in development)},
	url = {http://www.gs1.org/gsmp/kc/epcglobal/discovery},
	howpublished = {\url{http://www.gs1.org/gsmp/kc/epcglobal/discovery}}
}

@misc{javamobile,
	title = {Java {ME} (Mobile and Embedded Edition)},
	url = {http://www.oracle.com/technetwork/java/javame/index.html},
	howpublished = {\url{http://www.oracle.com/technetwork/java/javame/index.html}}
}

@misc{relfection,
	title = {Wikipedia -- Reflection in computer programming},
	url = {http://en.wikipedia.org/wiki/Reflection_(computer_programming)},
	howpublished = {\url{http://en.wikipedia.org/wiki/Reflection_(computer_programming)}}
}

@misc{clickscript,
	title = {{ClickScript:} Easy to Use Visual Programming Language},
	url = {http://clickscript.ch/site/home.php},
	author = {Lukas Naef},
	howpublished = {\url{http://clickscript.ch/site/home.php}}
}

@misc{atmosphere,
	title = {Atmosphere: Web Push Abstraction Framework},
	url = {http://atmosphere.java.net/},
	howpublished = {\url{http://atmosphere.java.net/}}
}

@misc{pipes,
	title = {Yahoo Pipes Mashup Editor: Rewire the web},
	url = {http://pipes.yahoo.com/pipes/},
	howpublished = {\url{http://pipes.yahoo.com/pipes/}}
}

@misc{travelny,
	title = {Travel - Guides - The New York Times, supporting microformats},
	url = {http://travel.nytimes.com/},
	howpublished = {\url{http://travel.nytimes.com/}}
}

@misc{hReview,
	title = {{hReview} 0.3 · Microformats},
	url = {http://microformats.org/wiki/hReview},
	author = {Tantek Celik and Ali Diab and Ian {McAllister} and John Panzer and Adam Rifkin and Michael Sippey},
	month = feb,
	year = {2006},
	howpublished = {\url{http://microformats.org/wiki/hReview}}
}


@misc{yahooSupportsMF,
	title = {Yahoo Search Blog: We Now Support Microformats},
	url = {http://www.ysearchblog.com/2006/06/21/we-now-support-microformats/},
	month = jun,
	year = {2006},
	howpublished = {\url{http://www.ysearchblog.com/2006/06/21/we-now-support-microformats/}}
}

@misc{googleSupportshCard,
	title = {Official Google Maps {API} Blog: Microformats in Google Maps},
	url = {http://googlemapsapi.blogspot.com/2007/06/microformats-in-google-maps.html},
	author = {Rothfuss, G. J.},
	month = jul,
	year = {2007},
	howpublished = {\url{http://googlemapsapi.blogspot.com/2007/06/microformats-in-google-maps.html}}
}

@misc{hProduct,
	title = {{hProduct} microformat draft specification},
	url = {http://microformats.org/wiki/hproduct},
	author = {Paul Lee and Jay Myers},
	month = jun,
	year = {2010},
	howpublished = {\url{http://microformats.org/wiki/hproduct}}
}

@misc{energievisible,
	title = {{EnergieVisible:} Our Consumption is Visible! Opensource software for sensing and visualizing electricity consumption},
	url = {http://webofthings.com/energievisible/},
	howpublished = {\url{http://webofthings.com/energievisible/}}
}

@misc{webnergy,
	title = {Webnergy - A project to Web-enable Smart Meters},
	url = {http://code.google.com/p/webnergy/},
	howpublished = {\url{http://code.google.com/p/webnergy/}}
}

@misc{mongoose,
	title = {Mongoose - easy to use embedded web server},
	url = {http://code.google.com/p/mongoose/},
	howpublished = {\url{http://code.google.com/p/mongoose/}}
}

@misc{plogg,
	title = {Plogg: wireless energy sensor networks},
	url = {http://www.plogginternational.com/},
	howpublished = {\url{http://www.plogginternational.com/}}
}

@misc{eia,
	title = {American Energy Review {(EIA)} for 2010},
	url = {http://www.eia.gov/totalenergy/data/annual/},
	howpublished = {\url{http://www.eia.gov/totalenergy/data/annual/}}
}

@misc{eea,
	title = {European Environment Agency: Maps and graphs},
	url = {http://www.eea.europa.eu/data-and-maps/figures#c15=all&c5=&c9=&c0=15&b_start=0},
	howpublished = {\url{http://www.eea.europa.eu/data-and-maps/figures#c15=all&c5=&c9=&c0=15&b_start=0}}
}

@misc{restlet,
	title = {Restlet - {RESTful} web framework for Java},
	url = {http://www.restlet.org/},
	howpublished = {\url{http://www.restlet.org/}}
}

@misc{sunspot,
	title = {{SunSPOT} - Embedded Development Platform},
	url = {http://www.sunspotworld.com/},
	howpublished = {\url{http://www.sunspotworld.com/}}
}

@misc{grizzly,
	title = {Grizzly {NIO} Web Server},
	url = {http://grizzly.java.net/},
	howpublished = {\url{http://grizzly.java.net/}}
}

@misc{websockets,
	title = {The {WebSocket} {API}},
	url = {http://dev.w3.org/html5/websockets/},
	howpublished = {\url{http://dev.w3.org/html5/websockets/}}
}

@misc{comet,
	title = {Wikipedia -- Comet programming},
	url = {http://en.wikipedia.org/wiki/Comet_(programming)},
	howpublished = {\url{http://en.wikipedia.org/wiki/Comet\_(programming)}}
}

@misc{pubsubhubbub,
	title = {pubsubhubbub - A simple, open, web-hook-based pubsub protocol \& open source reference implementation},
	url = {http://code.google.com/p/pubsubhubbub/},
	howpublished = {\url{http://code.google.com/p/pubsubhubbub/}}
}

@misc{openwrt,
	title = {{OpenWrt:} Linux distribution for embedded devices.},
	url = {https://openwrt.org/},
	howpublished = {\url{https://openwrt.org/}}
}

@misc{norhtec,
	title = {{NorhTec} - Products},
	url = {http://www.norhtec.com/products/mcsr/index.html},
	howpublished = {\url{http://www.norhtec.com/products/mcsr/index.html}}
}

@misc{autowot,
	title = {autowot - A toolkit for the rapid integration of smart devices into the Web of Things - Google Project Hosting},
	url = {http://code.google.com/p/autowot/},
	howpublished = {\url{http://code.google.com/p/autowot/}}
}

@misc{osgi,
	title = {{OSGi} Alliance},
	url = {http://www.osgi.org/Main/HomePage},
	howpublished = {\url{http://www.osgi.org/Main/HomePage}}
}

@misc{roving,
	title = {Roving Networks Wifi Modules},
	url = {http://www.rovingnetworks.com/},
	howpublished = {\url{http://www.rovingnetworks.com/}}
}

@misc{flyport,
	title = {{OpenPICUS} is an open source embedded platform for Smart Sensors and the Internet of Things},
	url = {http://www.openpicus.com/cms/},
	howpublished = {\url{http://www.openpicus.com/cms/}}
}

@misc{uris,
	title = {{URIs}, {URLs}, and {URNs:} Clarifications and Recommendations 1.0},
	url = {http://www.w3.org/TR/uri-clarification/#contemporary},
	howpublished = {\url{http://www.w3.org/TR/uri-clarification/#contemporary}}
}

@misc{core,
	title = {{IETF} Working Group for Constrained {RESTful} Environments},
	url = {http://tools.ietf.org/wg/core/},
	howpublished = {\url{http://tools.ietf.org/wg/core/}}
}

@misc{ksoap,
	title = {{kSOAP} 2 {WS-*} for resource constrained devices},
	url = {http://ksoap2.sourceforge.net/},
	howpublished = {\url{http://ksoap2.sourceforge.net/}}
}

@misc{ws4d,
	title = {{WS4D} – Web Services for Devices},
	url = {http://www.ws4d.org/},
	howpublished = {\url{http://www.ws4d.org/}}
}

@misc{soapundead,
	title = {{SOAP} is Not Dead - It's Undead, a Zombie in the Enterprise},
	url = {http://www.readwriteweb.com/enterprise/2011/05/soap-is-not-dead---its-undead.php},
	author = {Alex Williams},
	howpublished = {\url{http://www.readwriteweb.com/enterprise/2011/05/soap-is-not-dead---its-undead.php}}
}

@misc{wikipediasize,
	title = {Size of Wikipedia},
	url = {http://en.wikipedia.org/wiki/Wikipedia:Size_of_Wikipedia},
	howpublished = {\url{http://en.wikipedia.org/wiki/Wikipedia:Size_of_Wikipedia}}}
}


@misc{microformats,
	title = {Microformats},
	url = {http://microformats.org/},
	howpublished = {\url{http://microformats.org/}}
}

@misc{rdfa,
	title = {{RDFa} in {XHTML:} Syntax and Processing},
	url = {http://www.w3.org/TR/rdfa-syntax/},
	howpublished = {\url{http://www.w3.org/TR/rdfa-syntax/}}
}

@misc{dpws,
	title = {DPWS Specification 1.1},
	url = {http://docs.oasis-open.org/ws-dd/dpws/1.1/os/wsdd-dpws-1.1-spec-os.pdf},
	howpublished = {\url{http://docs.oasis-open.org/ws-dd/dpws/1.1/os/wsdd-dpws-1.1-spec-os.pdf}}
}



@misc{eeml,
	title = {Extended Environments Markup Language: {EEML}},
	url = {http://www.eeml.org/},
	howpublished = {\url{http://www.eeml.org/}}
}

@misc{thingworx,
	title = {{ThingWorx} – The 1st Application Platform for the Connected World},
	url = {http://www.thingworx.com/},
	howpublished = {\url{http://www.thingworx.com/}}
}

@misc{sense,
	title = {Feel, Act, Make sense - Sen.se},
	url = {http://open.sen.se/},
	howpublished = {\url{http://open.sen.se/}}
}

@misc{thingspeak,
	title = {Internet of Things - {ThingSpeak}},
	url = {https://www.thingspeak.com/},
	howpublished = {\url{https://www.thingspeak.com/}}
}

@misc{pachube,
	title = {{Real-Time} Open Data Web Service for the Internet of Things - Pachube},
	url = {http://pachube.com/},
	howpublished = {\url{http://pachube.com/}}
}

@misc{ipso,
	title = {{IPSO} Alliance: Enabling the Internet of Things},
	url = {http://ipso-alliance.org/},
	howpublished = {\url{http://ipso-alliance.org/}}
}

@misc{yaler,
	title = {Yaler - access small devices from the Web},
	url = {http://yaler.org/},
	howpublished = {\url{http://yaler.org/}}
}

@misc{restbinding,
	title = {{REST} Binding Project at {AUTO-ID} Labs at {MIT}},
	url = {http://autoidlabs.mit.edu/CS/content/OpenSource.aspx},
	howpublished = {\url{http://autoidlabs.mit.edu/CS/content/OpenSource.aspx}}
}

@misc{gwt,
	title = {Google Web Toolkit},
	url = {http://code.google.com/intl/en/webtoolkit/},
	howpublished = {\url{http://code.google.com/intl/en/webtoolkit/}}
}

@misc{sencha,
	title = {Mobile {JavaScript} Framework for Developing {HTML5} Web Applications},
	url = {http://www.sencha.com/products/touch/},
	howpublished = {\url{http://www.sencha.com/products/touch/}}
}

@misc{tomcat,
	title = {Apache Tomcat},
	url = {http://tomcat.apache.org/},
	howpublished = {\url{http://tomcat.apache.org/}}
}

@misc{glassfish,
	title = {{GlassFish:} Open Source Application Server},
	url = {http://glassfish.java.net/},
	howpublished = {\url{http://glassfish.java.net/}}
}

@misc{abdera,
	title = {Apache Abdera AtomPub Server},
	url = {http://abdera.apache.org/},
	howpublished = {\url{http://abdera.apache.org/}}
}

@misc{jax-rs,
	title = {{JAX-RS} Standard for {RESTful} Web Services {(JSR} 311)},
	url = {http://jsr311.java.net/},
	howpublished = {\url{http://jsr311.java.net/}}
}

@misc{jersey,
	title = {Jersey {JAX-RS} Reference Implementation for building {RESTful} Web Service},
	url = {http://jersey.java.net/},
	howpublished = {\url{http://jersey.java.net/}}
}

@misc{iui,
	title = {iui - Web {UI} Framework for mobile devices - {iOS}, Android, Palm, and others},
	url = {http://code.google.com/p/iui/},
	howpublished = {\url{http://code.google.com/p/iui/}}
}

@misc{cloudubuntu,
	title = {Ubuntu Cloud},
	url = {http://www.ubuntu.com/business/cloud/overview},
	howpublished = {\url{http://www.ubuntu.com/business/cloud/overview}}
}

@misc{amazonws,
	title = {Amazon Web Services},
	url = {http://aws.amazon.com/},
	howpublished = {\url{http://aws.amazon.com/}}
}

@misc{contiki,
	title = {The Contiki Operating System - Instant Contiki},
	url = {http://www.sics.se/contiki/instant-contiki.html},
	howpublished = {\url{http://www.sics.se/contiki/instant-contiki.html}}
}

@misc{virtualbox,
	title = {{VirtualBox}},
	url = {http://www.virtualbox.org/},
	howpublished = {\url{http://www.virtualbox.org/}}
}

@misc{vmware,
	title = {{VMware} Virtualization Software for Desktops, Servers \& Virtual Machines for Public and Private Cloud Solutions},
	url = {http://www.vmware.com/},
	howpublished = {\url{http://www.vmware.com/}}
}

@misc{fosstrak,
	title = {Fosstrak - Open Source Software for Track and Trace},
	url = {http://www.fosstrak.org/},
	howpublished = {\url{http://www.fosstrak.org/}}
}

@misc{gs1archi,
	title = {{EPC}global Architecture Framework Standards},
	url = {http://www.gs1.org/gsmp/kc/epcglobal/architecture},
	howpublished = {\url{http://www.gs1.org/gsmp/kc/epcglobal/architecture}}
}

@misc{googlevisu,
	title = {Google Visualization {API} Reference - Google Chart Tools - Google Code},
	url = {http://code.google.com/apis/chart/interactive/docs/reference.html},
	howpublished = {\url{http://code.google.com/apis/chart/interactive/docs/reference.html}}
}

@misc{ruote,
	title = {ruote - Open Source Ruby Workflow Engine},
	url = {http://ruote.rubyforge.org/},
	howpublished = {http://ruote.rubyforge.org/}
}

@misc{jquery,
	title = {{jQuery:} The Write Less, Do More, {JavaScript} Library},
	url = {http://jquery.com/},
	howpublished = {\url{http://jquery.com/}}
}

@misc{dojo,
	title = {Unbeatable {JavaScript} Tools - The Dojo Toolkit},
	url = {http://dojotoolkit.org/},
	howpublished = {\url{http://dojotoolkit.org/}}
}

@misc{programmableweb,
	title = {{ProgrammableWeb} - Mashups, {APIs}, and the Web as Platform},
	url = {http://www.programmableweb.com/},
	howpublished = {\url{http://www.programmableweb.com}}
}


@misc{googlemaps,
	title = {Google Maps},
	url = {http://maps.google.com/},
	howpublished = {\url{http://maps.google.com}}
}

@misc{housingmaps,
	title = {{HousingMaps}},
	url = {http://www.housingmaps.com/},
	howpublished = {\url{http://www.housingmaps.com}}
}

@misc{caigslist,
	title = {{Craigslist}},
	url = {http://www.craigslist.com/},
	howpublished = { \url{http://www.craigslist.com}}
}



@misc{OpenSocRESTSpec,
	title = {{OpenSocial} {RESTful} Protocol Specification v0.9},
	url = {http://www.opensocial.org/Technical-Resources/opensocial-spec-v09/REST-API.html},
	author = {{OpenSocial} and Gadgets Specification Group},
	month = apr,
	year = {2009},
	howpublished = {\url{http://www.opensocial.org/Technical-Resources/opensocial-spec-v09/REST-API.html}}
}


@misc{BernersLee-WalledGardens,
	title = {Keynote at {WWW} 2009: Twenty Years: Looking Forward, Looking Back},
	url = {http://www2009.eprints.org/212/1/index.html},
	author = {{Berners-Lee}, Tim},
	month = apr,
	year = {2009},
	howpublished = {\url{http://www2009.eprints.org/212/1/index.html}}
}


@misc{Geo-mf,
	title = {Geo Microformats},
	url = {http://microformats.org/wiki/geo},
	author = {Celik, Tantek},
	month = nov,
	year = {2009},
	howpublished = {\url{http://microformats.org/wiki/geo}}
}


@misc{hCard-mf,
	title = {{hCard} 1.0 Microformats Wiki},
	url = {http://microformats.org/wiki/hCard},
	author = {Celik, Tantek and Suda, Brian},
	month = may,
	year = {2011},
	howpublished = {\url{http://microformats.org/wiki/hCard}}
}


@misc{things-tweet,
	title = {{BBC} - dot.life: Things that tweet},
	url = {http://www.bbc.co.uk/blogs/technology/2009/06/things_that_tweet.html},
	author = {{Cellan-Jones}, Rory},
	month = jun,
	year = 2009,
	howpublished = {\url{http://www.bbc.co.uk/blogs/technology/2009/06/things_that_tweet.html}}
}


@misc{vcard,
	title = {{vCard} {MIME} Directory Profile, {IETF} Memo},
	url = {http://www.ietf.org/rfc/rfc2426.txt},
	author = {Dawson, F. and Howes, T.},
	month = sep,
	year = {1998},
	howpublished = {\url{http://www.ietf.org/rfc/rfc2426.txt}}
}


@misc{richSnippets,
	title = {Marking up products for rich snippets - Webmaster Tools Help},
	url = {http://www.google.com/support/webmasters/bin/answer.py?answer=146750},
	month = mar,
	year = {2011},
	howpublished = {\url{http://www.google.com/support/webmasters/bin/answer.py?answer=146750}}
}
